@Article{ref, 
author={Durand, Patrick AND Durand, René}, 
journal={Le beau journal}, 
title={Les tomates tueuses}, 
year={2007}, 
month={jan}, 
pages={24}, 
notes={sympathique} 
}

@book {ref2, 
author={Dupont, Fernand}, 
title={Les choux farcis}, 
publisher={Un gros éditeur}, 
year={2004} 
}

http://gigaom.com/2011/04/26/2600hertz-whistle/