@book{erlangoreilly, 
author= "Francesco Cesarini AND Simon Thompson", 
title= "Erlang Programming", 
year= "2009", 
pages= "496", 
publisher= "O'Reilly Media, Inc."
}

@misc{erlangwikipedia,
author="Wikipedia",
title="Erlang (programming language)"
}
@book{erlangpragprog, 
author= "Joe Armstrong", 
title= "Programming Erlang", 
year= "2007", 
pages= "519", 
publisher= "The Pragmatic Programmers, LLC"
}

@book{erlangotp, 
author= "Martin Logan AND Eric Merritt AND Richard Carlsson", 
title= "Erlang and OTP in Action", 
year= "2011", 
pages= "431", 
publisher= "Manning Publications Co."
}

@phdthesis{joearmstrongthesis,
author="Joe Armstrong",
title="Making reliable distributed systems in the presence of software errors",
year="2003",
school="Swedish Institute of Computer Science"
}

@book{softwarepractices,
author="John Dooley",
title="Software Development and Professional Practice",
publisher="Apress Editions",
year="2011"
}

@misc{2600hyblog,
author="2600hz company's blog",
title="http://blog.2600hz.com/"
}

@misc{googlecodedsd,
title="Introduction to Distributed System Design http://code.google.com/edu/parallel/dsd-tutorial.html",
author="Google Code University"
}

%http://www.sics.se/~joe/thesis/armstrong_thesis_2003.pdf
%http://gigaom.com/2011/04/26/2600hertz-whistle/